@article{Jamesetal2000,
	author = {James, G. and Hastie, T. and Sugar, C.},
    year = {2000},
	title = {Principal component models for sparse functional data.},
    journal = {Biometrika},
    volume = {87},
    number = {3},
    pages = {587-602}}

@article{Yaoetal2005,
	author = {Yao, F. and MÃ¼ller, H.-G. and Wang, J.-L.},
    year = {2005},
	title = {Functional data analysis for sparse longitudinal data.},
    journal = {Journal of the American Statistical Association},
    volume = {100},
    number = {470},
    pages = {577-590}}
